<?xml version="1.0" encoding="UTF-8"?><collection xmlns="http://www.loc.gov/MARC21/slim"><record><leader>00596nam--2200193-i-4500</leader><controlfield tag="001">000012903</controlfield><controlfield tag="002">20161230</controlfield><controlfield tag="005">20161230201030</controlfield><controlfield tag="008">060222s1000------------r-----000-0-eng-d</controlfield><datafield ind1=" " ind2=" " tag="020"><subfield code="a">0444851496</subfield></datafield><datafield ind1=" " ind2=" " tag="040"><subfield code="a">IFIN-HH</subfield></datafield><datafield ind1=" " ind2=" " tag="080"><subfield code="a">539.184.2:535.33</subfield></datafield><datafield ind1="1" ind2=" " tag="100"><subfield code="a">Bashkin, Stanley</subfield></datafield><datafield ind1="1" ind2="0" tag="245"><subfield code="a">Atomic energy levels and grotrian diagrams</subfield><subfield code="b">Vol. ii : sulfur 1- titanium xxii</subfield><subfield code="c">Stanley bashkin, john o. stoner, jr</subfield></datafield><datafield ind1=" " ind2=" " tag="260"><subfield code="a">Amsterdam</subfield><subfield code="b">North-holland Publishing Company</subfield><subfield code="c">1978</subfield></datafield><datafield ind1=" " ind2=" " tag="300"><subfield code="a">XVII + 650 P</subfield></datafield><datafield ind1="1" ind2=" " tag="700"><subfield code="a">Stoner, Jr., John O</subfield></datafield><datafield ind1=" " ind2=" " tag="852"><subfield code="a">46657</subfield><subfield code="c">539.18</subfield></datafield><datafield ind1=" " ind2=" " tag="CAT"><subfield code="a">Sys</subfield><subfield code="c">20120704</subfield><subfield code="h">142345</subfield></datafield></record></collection>